<?xml version="1.0" encoding="UTF-8"?><record xmlns="http://www.loc.gov/MARC21/slim" xmlns:cinclude="http://apache.org/cocoon/include/1.0" xmlns:zs="http://www.loc.gov/zing/srw/">
  <leader>00320nz  a2200121n  4500</leader>
  <controlfield tag="001">n  95022347 </controlfield>
  <controlfield tag="003">DLC</controlfield>
  <controlfield tag="005">19950307153438.2</controlfield>
  <controlfield tag="008">950307n| acannaab|          |n aaa |||  </controlfield>
  <datafield tag="010" ind1=" " ind2=" ">
    <subfield code="a">n  95022347 </subfield>
  </datafield>
  <datafield tag="040" ind1=" " ind2=" ">
    <subfield code="a">DLC</subfield>
    <subfield code="c">DLC</subfield>
  </datafield>
  <datafield tag="100" ind1="1" ind2="0">
    <subfield code="a">Azulay, Allegra Harris</subfield>
  </datafield>
  <datafield tag="670" ind1=" " ind2=" ">
    <subfield code="a">The Russian Far East, 1995:</subfield>
    <subfield code="b">CIP t.p. (Allegra Harris Azulay)</subfield>
  </datafield>
</record>